@inproceedings{Vaswani+2017,
 author = {Vaswani, Ashish and Shazeer, Noam and Parmar, Niki and Uszkoreit, Jakob and Jones, Llion and Gomez, Aidan N and Kaiser, \L ukasz and Polosukhin, Illia},
 booktitle = {Advances in Neural Information Processing Systems},
 pages = {},
 publisher = {Curran Associates, Inc.},
 title = {Attention is All you Need},
 url = {https://proceedings.neurips.cc/paper_files/paper/2017/file/3f5ee243547dee91fbd053c1c4a845aa-Paper.pdf},
 volume = {30},
 year = {2017}
}

@inproceedings{zhouwebarena,
  title={WebArena: A Realistic Web Environment for Building Autonomous Agents},
  author={Zhou, Shuyan and Xu, Frank F and Zhu, Hao and Zhou, Xuhui and Lo, Robert and Sridhar, Abishek and Cheng, Xianyi and Ou, Tianyue and Bisk, Yonatan and Fried, Daniel and others},
  booktitle={The Twelfth International Conference on Learning Representations},
  year={2024}
}

@inproceedings{jimenezswe,
  title={SWE-bench: Can Language Models Resolve Real-world Github Issues?},
  author={Jimenez, Carlos E and Yang, John and Wettig, Alexander and Yao, Shunyu and Pei, Kexin and Press, Ofir and Narasimhan, Karthik R},
  booktitle={The Twelfth International Conference on Learning Representations},
  year={2024}
}

@article{chan2024mle,
  title={Mle-bench: Evaluating machine learning agents on machine learning engineering},
  author={Chan, Jun Shern and Chowdhury, Neil and Jaffe, Oliver and Aung, James and Sherburn, Dane and Mays, Evan and Starace, Giulio and Liu, Kevin and Maksin, Leon and Patwardhan, Tejal and others},
  journal={arXiv preprint arXiv:2410.07095},
  year={2024}
}

@article{paglieri2024balrog,
  title={Balrog: Benchmarking agentic llm and vlm reasoning on games},
  author={Paglieri, Davide and Cupia{\l}, Bart{\l}omiej and Coward, Samuel and Piterbarg, Ulyana and Wolczyk, Maciej and Khan, Akbir and Pignatelli, Eduardo and Kuci{\'n}ski, {\L}ukasz and Pinto, Lerrel and Fergus, Rob and others},
  journal={arXiv preprint arXiv:2411.13543},
  year={2024}
}

@inproceedings{zhousotopia,
  title={SOTOPIA: Interactive Evaluation for Social Intelligence in Language Agents},
  author={Zhou, Xuhui and Zhu, Hao and Mathur, Leena and Zhang, Ruohong and Yu, Haofei and Qi, Zhengyang and Morency, Louis-Philippe and Bisk, Yonatan and Fried, Daniel and Neubig, Graham and others},
  booktitle={The Twelfth International Conference on Learning Representations},
  year={2024}
}

@article{shao2024collaborative,
  title={Collaborative Gym: A Framework for Enabling and Evaluating Human-Agent Collaboration},
  author={Shao, Yijia and Samuel, Vinay and Jiang, Yucheng and Yang, John and Yang, Diyi},
  journal={arXiv preprint arXiv:2412.15701},
  year={2024}
}

@inproceedings{
pan2025why,
title={Why Do Multiagent Systems Fail?},
author={Melissa Z Pan and Mert Cemri and Lakshya A Agrawal and Shuyi Yang and Bhavya Chopra and Rishabh Tiwari and Kurt Keutzer and Aditya Parameswaran and Kannan Ramchandran and Dan Klein and Joseph E. Gonzalez and Matei Zaharia and Ion Stoica},
booktitle={ICLR 2025 Workshop on Building Trust in Language Models and Applications},
year={2025},
url={https://openreview.net/forum?id=wM521FqPvI}
}